@InProceedings{akent-2015-enterprise-data,
   author = {Alexander D. Kent},
   title = {{Cybersecurity Data Sources for Dynamic Network Research}},
   year = 2015,
   booktitle = {Dynamic Networks in Cybersecurity},
   month =        jun,
   publisher = {Imperial College Press}
}

@Misc{kent-2015-cyberdata1,
  author =     {Alexander D. Kent},
  title =      {{Comprehensive, Multi-Source Cyber-Security Events}},
  year =       {2015},
  howpublished = {Los Alamos National Laboratory},
  doi = {10.17021/1179829}
}
